
@article{1,
   Author = {J.S. Cramer},
   Title = {The origins and development of the logit model},
   Journal = {},
   Volume = {},
   Pages = {1-12},
   Year = {2003} }
   
  @article{2,
  title={Trust online},
  author={Friedman, Batya and Khan Jr, Peter H and Howe, Daniel C},
  journal={Communications of the ACM},
  volume={43},
  number={12},
  pages={34--40},
  year={2000},
  publisher={ACM}
}

@book{3,
  title={Trust in cyberspace},
  author={Schneider, Fred B and others},
  year={1999},
  publisher={National Academies Press}
}

@inproceedings{4,
  title={Size matters: word count as a measure of quality on wikipedia},
  author={Blumenstock, Joshua E},
  booktitle={Proceedings of the 17th international conference on World Wide Web},
  pages={1095--1096},
  year={2008},
  organization={ACM}
}

@inproceedings{5,
  title={Finding high-quality content in social media},
  author={Agichtein, Eugene and Castillo, Carlos and Donato, Debora and Gionis, Aristides and Mishne, Gilad},
  booktitle={Proceedings of the 2008 International Conference on Web Search and Data Mining},
  pages={183--194},
  year={2008},
  organization={ACM}
}

@misc{6,
  title={How to do a Structured Literature Review in computer science},
  author={Kofod-Petersen, Anders},
  year={2012}
}

@incollection{7,
  title={Supporting human decision-making online using information-trustworthiness metrics},
  author={Nurse, Jason RC and Creese, Sadie and Goldsmith, Michael and Rahman, Syed Sadiqur},
  booktitle={Human Aspects of Information Security, Privacy, and Trust},
  pages={316--325},
  year={2013},
  publisher={Springer}
}

@inproceedings{8,
  title={Applying trust metrics based on user interactions to recommendation in social networks},
  author={Lumbreras, Alberto and Gavalda, Ricard},
  booktitle={Proceedings of the 2012 International Conference on Advances in Social Networks Analysis and Mining (ASONAM 2012)},
  pages={1159--1164},
  year={2012},
  organization={IEEE Computer Society}
}

@inproceedings{10,
  title={Using readability tests to predict helpful product reviews},
  author={O'Mahony, Michael P and Smyth, Barry},
  booktitle={Adaptivity, Personalization and Fusion of Heterogeneous Information},
  pages={164--167},
  year={2010},
  organization={LE CENTRE DE HAUTES ETUDES INTERNATIONALES D'INFORMATIQUE DOCUMENTAIRE}
}

@inproceedings{11,
  title={Credibility ranking of tweets during high impact events},
  author={Gupta, Aditi and Kumaraguru, Ponnurangam},
  booktitle={Proceedings of the 1st Workshop on Privacy and Security in Online Social Media},
  pages={2},
  year={2012},
  organization={ACM}
}

@inproceedings{12,
  title={Information credibility on twitter},
  author={Castillo, Carlos and Mendoza, Marcelo and Poblete, Barbara},
  booktitle={Proceedings of the 20th international conference on World wide web},
  pages={675--684},
  year={2011},
  organization={ACM}
}

@inproceedings{13,
  title={Information quality and trustworthiness: A topical state-of-the-art review},
  author={Nurse, Jason RC and Rahman, Syed S and Creese, Sadie and Goldsmith, Michael and Lamberts, Koen},
  booktitle={Proceedings of the International Conference on Computer Applications and Network Security (ICCANS)},
  year={2011}
}

@misc{14,
  author = {Mathematical Monk},
  title = {{BWorld Robot Control Software}},
  howpublished = "\url{https://www.youtube.com/user/mathematicalmonk}",
  year = {2011}, 
  note = "[Online; accessed 15-Aug-2014]"
}

@article{15,
  title={Logistic regression},
  author={Rennie, Jason},
  journal={online] Apr},
  volume={23},
  year={2003}
}

@misc{16,
  author = {Heidi Moore, Dan Roberts},
  title = {{AP Twitter hack causes panic on Wall Street and sends Dow plunging}},
  howpublished = "\url{http://www.theguardian.com/business/2013/apr/23/ap-tweet-hack-wall-street-freefall}",
  year = {2013}, 
  note = "[Online; accessed 16-Aug-2014]"
}

@inproceedings{17,
  title={Tweeting is believing?: understanding microblog credibility perceptions},
  author={Morris, Meredith Ringel and Counts, Scott and Roseway, Asta and Hoff, Aaron and Schwarz, Julia},
  booktitle={Proceedings of the ACM 2012 conference on Computer Supported Cooperative Work},
  pages={441--450},
  year={2012},
  organization={ACM}
}

@book{18,
  title={Too Big to Ignore: The Business Case for Big Data},
  author={Simon, Phil},
  year={2013},
  publisher={John Wiley \& Sons}
}

@inproceedings{19,
  title={Perceptions of trustworthiness online: the role of visual and textual information},
  author={Toma, Catalina L},
  booktitle={Proceedings of the 2010 ACM conference on Computer supported cooperative work},
  pages={13--22},
  year={2010},
  organization={ACM}
}

@inproceedings{20,
  title={Multilingual wikipedia, summarization, and information trustworthiness},
  author={Filatova, Elena},
  booktitle={SIGIR workshop on information access in a multilingual world},
  year={2009}
}

@misc{22,
  author = {Julia Boorstin},
  title = {{Facebook Vs Twitter : Here's how they're different}},
  howpublished = "\url{http://www.cnbc.com/id/101087718#}",
  year = {2013}, 
  note = "[Online; accessed 20-Aug-2014]"
}

@misc{23,
  author = {Christine Erickson},
  title = {{10 Hilarious Parody News Accounts on Twitter}},
  howpublished = "\url{http://mashable.com/2012/04/20/twitter-parodies-news/}",
  year = {2012}, 
  note = "[Online; accessed 25-Aug-2014]"
}

@misc{24,
  author = {Max Knoblauch},
  title = {{AP18 Fake Twitter Accounts Still Proving Phony Is Funny}},
  howpublished = "\url{http://mashable.com/2014/06/03/best-fake-twitter-accounts/}",
  year = {2014}, 
  note = "[Online; accessed 30-Aug-2014]"
}

@article{25,
  title={Examining the role of social media in effective crisis management: The effects of crisis origin, information form, and source on publics? crisis responses},
  author={Jin, Yan and Liu, Brooke Fisher and Austin, Lucinda L},
  journal={Communication Research},
  pages={0093650211423918},
  year={2011},
  publisher={SAGE Publications}
}

@misc{26,
  author = {Zachary Sniderman},
  title = {{AP18 Fake Twitter Accounts Still Proving Phony Is Funny}},
  howpublished = "\url{http://mashable.com/2011/07/25/government-social-media/}",
  year = {2011}, 
  note = "[Online; accessed 30-Aug-2014]"
}

@article{27,
  title={Beyond accuracy: What data quality means to data consumers},
  author={Wang, Richard Y and Strong, Diane M},
  journal={Journal of management information systems},
  pages={5--33},
  year={1996},
  publisher={JSTOR}
}

@inproceedings{28,
  title={Towards a data-centric notion of trust in the semantic web},
  author={Hartig, Olaf},
  booktitle={2nd Workshop on Trust and Privacy on the Social and Semantic Web SPOT2010, Heraklion (Greece)},
  volume={110},
  year={2010},
  organization={Citeseer}
}

@misc{29,
  author = {Thales Sehn Korting},
  title = {{How Random Forest algorithm works}},
  howpublished = "\url{https://www.youtube.com/watch?v=loNcrMjYh64}",
  year = {2014}, 
  note = "[Online; accessed 30-Aug-2014]"
}

@book{30,
  title={The elements of statistical learning},
  author={Hastie, Trevor and Tibshirani, Robert and Friedman, Jerome and Hastie, T and Friedman, J and Tibshirani, R},
  volume={2},
  number={1},
  year={2009},
  publisher={Springer}
}

@misc{31,
  author = {Yaser Abu-Mostafa},
  title = {{Support Vector Machines}},
  howpublished = "\url{http://work.caltech.edu/library/140.pdf}",
  year = {2012}, 
  note = "[Online; accessed 1-Sep-2014]"
}

@article{32,
  title={Lagrange Multipliers Tutorial in the Context of Support Vector Machines},
  author={Smith, Baxter Tyson},
  journal={Memorial University of Newfoundland St. John?s, Newfoundland, Canada}
}

@misc{33,
  author = {Wikipedia Foundation Inc},
  title = {{Radial Basis Function Kernel}},
  howpublished = "\url{http://en.wikipedia.org/wiki/Radial_basis_function_kernel}",
  year = {2014}, 
  note = "[Online; accessed 23-Aug-2014]"
}

@inproceedings{34,
  title={Faking Sandy: characterizing and identifying fake images on Twitter during Hurricane Sandy},
  author={Gupta, Aditi and Lamba, Hemank and Kumaraguru, Ponnurangam and Joshi, Anupam},
  booktitle={Proceedings of the 22nd international conference on World Wide Web companion},
  pages={729--736},
  year={2013},
  organization={International World Wide Web Conferences Steering Committee}
}

@misc{35,
  author = {Wikipedia Foundation Inc},
  title = {{Polynomial Kernel}},
  howpublished = "\url{http://en.wikipedia.org/wiki/Polynomial_kernel}",
  year = {2014}, 
  note = "[Online; accessed 24-Aug-2014]"
}

@misc{36,
  author = {Jamie Carter},
  title = {{15 best online TV streaming services: which are best for you}},
  howpublished = "\url{http://www.techradar.com/news/television/16-best-tv-streaming-services-1044010}",
  year = {2013}, 
  note = "[Online; accessed 30-Aug-2014]"
}

@misc{37,
  author = {Kashmir Hill},
  title = {{Hurricane Sandy, @ComfortablySmug, and The Flood of Social Media Misinformation}},
  howpublished = "\url{http://www.forbes.com/sites/kashmirhill/2012/10/30/hurricane-sandy-and-the-flood-of-social-media-misinformation/}",
  year = {2012}, 
  note = "[Online; accessed 31-Aug-2014]"
}
@misc{38,
  author = {Sklearn},
  title = {{SKLearn Standard Scaler}},
  howpublished = "\url{http://scikit-learn.org/stable/modules/generated/sklearn.preprocessing.StandardScaler.html}",
  year = {2014}, 
  note = "[Online; accessed 3-Sep-2014]"
}

@misc{39,
  author = {Sklearn},
  title = {{Kernal Functions}},
  howpublished = "\url{http://scikit-learn.org/dev/modules/svm.html#svm-kernels}",
  year = {2014}, 
  note = "[Online; accessed 27-Aug-2014]"
}


@book{40,
  title={Machine learning: a probabilistic perspective},
  author={Murphy, Kevin P},
  year={2012},
  publisher={MIT press}
}

@misc{41,
  author = {Courtney Brown},
  title = {{Statistics with R}},
  howpublished = "\url{https://www.youtube.com/watch?v=EocjYP5h0cE/}",
  year = {2013}, 
  note = "[Online; accessed 27-Aug-2014]"
}


@misc{42,
  author = {Wikipedia Inc},
  title = {{Decision Tree Learning}},
  howpublished = "\url{http://en.wikipedia.org/wiki/Decision_tree_learning}",
  year = {2014}, 
  note = "[Online; accessed 26-Aug-2014]"
}


@misc{43,
  author = {Michelle Ma},
  title = {{Hold that RT: Much misinformation tweeted after 2013 Boston Marathon bombing}},
  howpublished = "\url{http://www.washington.edu/news/2014/03/17/hold-that-rt-much-misinformation-tweeted-after-2013-boston-marathon-bombing/}",
  year = {2014}, 
  note = "[Online; accessed 30-Aug-2014]"
}
